@manual{codetcomp,
	author = "Prof. Paulo Flores",
	title = "codetcomp",
	year = 2024
}
@manual{cu-command,
	title = "cu Command Line Tool",
	author = "GNU Project"
	organization = "GNU",
	year = "2024",
	note = \url{https://www.gnu.org/software/termutils/cu},
	howpublished = {Command-line program},
}

@misc{ams.35u,
	author = "Austria Micro Systems",
	title = "0.35u CMOS C35 Process Parameters",
	year = 2003,
}

@book{sedra-smith,
	author = "Adel S. Sedra, Kenneth C. Smith",
	title = "Microelectronic Circuits",
	publisher = "Oxford University Press",
	year = "2010",
	edition = "6th",
	pages = "1060--1134", 
}

@book{CMOS-Technology,
	publisher = "IST - Microelectronics",
	author = "Marcelino Santos",
	title = "Devices in CMOS Technology",
	year = 2024,
}

@book{razavi,
	author = "Behzad Razavi",
	title = "Design of Analog CMOS Integrated Circuits",
	publisher = "McGraw-Hill Education",
	year = 2017,
	editio = "2nd",
	pages = "23-24,700-702"
}

@book{kumar,
	author = "Ajay Kumar Singh",
	title = "Digital VLSI Design",
	publisher = "Prentice Hall India Pvt., Limited",
	year = "2010",
	pages = "47"
}